% This file was created with JabRef 2.10.
% Encoding: UTF8

@Book{Boyd,
  Title                    = {Convex Optimization},
  Author                   = {Stephen Boyd and Lieven Vandenberghe},
  Publisher                = {Cambridge University Press},
  Year                     = {2004},

  ISBN                     = {0521833787},
}



@Article{Vapnik,
  Title                    = {An overview of statistical learning theory},
  Author                   = {V.N. Vapnik},
  Journal                  = { IEEE Transactions on Neural Networks},
  Year                     = {1999 },

  Month                    = {Sept},
  Number                   = {5},
  Pages                    = {988 - 999},
  Volume                   = {10},

  Doi                      = {10.1109/72.788640},
  ISSN                     = { 6362641},
  Keywords                 = { Statistical learning, Machine learning, Pattern recognition, Loss measurement, Support vector machines, Algorithm design and analysis, Multidimensional systems, Risk management, Probability distribution }
}

@Article{Corinna,
  Title                    = {Support Vector Networks},
  Author                   = {Corinna Cortes and Vladimir Vapnik},
  Journal                  = {Machine Learning},
  Year                     = {1995 },

  Month                    = {Sept},
  Number                   = {3},
  Pages                    = {273–297},
  Volume                   = {20},

  Doi                      = {10.1007/BF00994018},
  ISSN                     = { 0885-6125},
  Keywords                 = {Pattern recognition, efficient learning algorithms, neural networks, radial basis function, classifiers, polynomial classifiers }
}

@ARTICLE{HMMintro,
 author={Rabiner, L. and Juang, B.H.},
 journal={ASSP Magazine, IEEE},
 title={An introduction to hidden Markov models},
 year={1986},
 volume={3},
 number={1},
 pages={4-16},
 keywords={Fluctuations;Hidden Markov models;Linear systems;Mathematical model;Optimization methods;Pattern matching;Speech processing;Speech recognition;Time varying systems},
 doi={10.1109/MASSP.1986.1165342},
 ISSN={0740-7467},
 month={Jan},}
 
@Article{tl8,
  author  = {Huỳnh Hữu Hưng, Nguyễn Trọng Nguyên, Võ Đức Hoàng và Hồ Viết Hà},
  title   = {Nhận dạng ngôn ngữ ký hiệu sử dụng mạng Neuron nhân tạo},
  journal = {Tạp chí Khoa học và Công Nghệ, Đại học Đà Nẵng, Số 12(61); pp: 75-80},
  year    = {2012},
}

@TechReport{tl6,
  author      = {Nguyễn Thị Phương, Nguyễn Đức Tồn},
  title       = {Mấy vấn đề về cú pháp của ngôn ngữ kí hiệu ở Việt Nam},
  institution = {Ngôn ngữ 4},
  year        = {2017},
}

@Article{tl7,
  author  = {Đặng Sinh},
  title   = {Truyền hình dùng ngôn ngữ ký hiệu, người điếc câm lại không hiểu},
  journal = {Báo điện tử Infonet},
  year    = {2012},
}



@MastersThesis{tl9,
  author = {Đinh Duy Chương},
  title  = {Xây dựng hệ thống nhận biết ngôn ngữ dấu hiệu sử dụng cảm biến vi cơ điện tử},
  school = {Ngành Điện tử - Viễn thông, Đại học Quốc Gia Hà Nội},
  year   = {2005},
}

@InProceedings{tl10,
  author    = {Chen, Hsuan-Sheng and Chen, Hua-Tsung and Chen, Yi-Wen and Lee, Suh-Yin},
  title     = {Human Action Recognition Using Star Skeleton},
  booktitle = {Proceedings of the 4th ACM International Workshop on Video Surveillance and Sensor Networks},
  year      = {2006},
  series    = {VSSN '06},
  pages     = {171--178},
  address   = {New York, NY, USA},
  publisher = {ACM},
  acmid     = {1178808},
  doi       = {10.1145/1178782.1178808},
  isbn      = {1-59593-496-0},
  keywords  = {HMM, action recognition, star distance, star skeleton},
  location  = {Santa Barbara, California, USA},
  numpages  = {8},
  url       = {http://doi.acm.org/10.1145/1178782.1178808},
}

@Article{tl5,
  author  = {Đỗ Văn Ba},
  title   = {Hình thành thống nhất hệ thống ký hiệu cử chỉ điệu bộ cơ bản cho người điếc Việt Nam},
  journal = {Báo cáo đề tài KHCN cấp Bộ},
  year    = {1997},
}
@INPROCEEDINGS{4650859,
 author={Ariki, Y. and Morimoto, Jun and Hyon, S.},
 booktitle={Intelligent Robots and Systems, 2008. IROS 2008. IEEE/RSJ International Conference on},
 title={Behavior recognition with ground reaction force estimation and its application to imitation learning},
 year={2008},
 pages={2029-2034},
 keywords={force control;humanoid robots;image recognition;image sequences;learning (artificial intelligence);motion control;motion estimation;balance control;behavior recognition;classification criteria;four-link robot model;ground reaction force estimation;human motion data recognition;human motion pattern;imitation learning framework;linear dynamical model;motion capture data;motion sequences;multiple behaviors;simulated robot model;squat behaviors;squat motions;Data models;Hidden Markov models;Humans;Joints;Robots;Switches;Trajectory},
 doi={10.1109/IROS.2008.4650859},
 month={Sept},}
@INPROCEEDINGS{6693448,
 author={Yue Ming},
 booktitle={Social Computing (SocialCom), 2013 International Conference on},
 title={Human Activity Recognition Based on 3D Mesh MoSIFT Feature Descriptor},
 year={2013},
 pages={959-962},
 keywords={feature extraction;gesture recognition;graph theory;image colour analysis;image motion analysis;image segmentation;iterative methods;mesh generation;object tracking;palmprint recognition;video coding;3D digital capturing devices;3D geometric characteristics;3D human activity recognition;3D mesh MoSIFT feature descriptor;Big Data;ChaLearn gesture dataset;RGB-D video dataset;SOMP;discriminant property;gesture behavior analysis;graph cuts method;hand segmentation;hand tracking;hands behavior analysis;human behavior;information processing;motion recognition;simulation orthogonal matching pursuit;visual code words;Accuracy;Algorithm design and analysis;Cameras;Feature extraction;Motion segmentation;Three-dimensional displays;Visualization;3D Mesh MoSIFT feature descriptor;3D digital capturing devices;3D human activity recognition;Big Data;hand segmentation and tracking},
 doi={10.1109/SocialCom.2013.151},
 month={Sept},}
@inproceedings{HLUT1,
 author={Hoang Le Uyen Thuc and Pham Van Tuan and Jenq-Neng Hwang},
 booktitle={Computing and Communication Technologies, Research, Innovation, and Vision for the Future (RIVF), 2012 IEEE RIVF International Conference on},
 title={An Effective 3D Geometric Relational Feature Descriptor for Human Action Recognition},
 year={2012},
 pages={1-6},
 keywords={Boolean functions;computer animation;feature extraction;hidden Markov models;image classification;image motion analysis;image sequences;solid modelling;Boolean features;articulated 3D human model;computer animation;effective 3D geometric relational feature descriptor;hidden Markov model;human action classification;human action recognition;human points;motion capture data system;numeric version;three-dimension motion capture video sequences;transform 3D coordinates;Feature extraction;Hidden Markov models;Humans;Testing;Three dimensional displays;Training;Vectors},
 doi={10.1109/rivf.2012.6169868},
 month={Feb},
 }
@article{Cristani201386,
title = "Human behavior analysis in video surveillance: A Social Signal Processing perspective ",
journal = "Neurocomputing ",
volume = "100",
number = "",
pages = "86 - 97",
year = "2013",
note = "Special issue: Behaviours in video ",
issn = "0925-2312",
doi = "http://dx.doi.org/10.1016/j.neucom.2011.12.038",
url = "http://www.sciencedirect.com/science/article/pii/S0925231212003141",
author = "Marco Cristani and R. Raghavendra and Alessio Del Bue and Vittorio Murino",
keywords = "Video surveillance",
keywords = "Social Signal Processing",
keywords = "Activity recognition",
keywords = "Behavior analysis",
keywords = "Human computing "
}

@ARTICLE{With,
 author={Weilun Lao and Han, J. and de With, P.H.N.},
 journal={Consumer Electronics, IEEE Transactions on},
 title={Automatic video-based human motion analyzer for consumer surveillance system},
 year={2009},
 volume={55},
 number={2},
 pages={591-598},
 keywords={image motion analysis;image reconstruction;image sequences;video surveillance;3D reconstruction scheme;automatic low-cost video surveillance;automatic video-based human motion analyzer;consumer surveillance system;equipment-usage functions;event-based level;home-entrance control;human behavior semantic analysis;human-body modeling;monocular surveillance video;object-based level performing trajectory estimation;posture classification;trajectory estimation;video-analysis techniques;Automatic control;Cameras;Continuous improvement;Domestic safety;Humans;Layout;Motion analysis;Safety devices;Video sequences;Video surveillance;Human behavior analysis, calibration;surveillance video, content analysis, semantic, tracking, realtime},
 doi={10.1109/TCE.2009.5174427},
 ISSN={0098-3063},
 month={May},}
@inproceedings{Forsyth,
 author={Wei Yan and Forsyth, D.A.},
 booktitle={Application of Computer Vision, 2005. WACV/MOTIONS '05 Volume 1. Seventh IEEE Workshops on},
 title={Learning the Behavior of Users in a Public Space through Video Tracking},
 year={2005},
 volume={1},
 pages={370-377},
 keywords={computer vision;statistical analysis;video signal processing;behavioral mapping;behavioral pattern analysis;computer vision;head detector;human spatial behavior;video tracking system;Application software;Cities and towns;Computer architecture;Computer science;Computer vision;Data analysis;Extraterrestrial measurements;Humans;Pattern analysis;Time measurement},
 doi={10.1109/ACVMOT.2005.67},
 month={Jan},}
@inproceedings{Chen:2006:HAR:1178782.1178808,
 author = {Chen, Hsuan-Sheng and Chen, Hua-Tsung and Chen, Yi-Wen and Lee, Suh-Yin},
 title = {Human Action Recognition Using Star Skeleton},
 booktitle = {Proceedings of the 4th ACM International Workshop on Video Surveillance and Sensor Networks},
 series = {VSSN '06},
 year = {2006},
 isbn = {1-59593-496-0},
 location = {Santa Barbara, California, USA},
 pages = {171--178},
 numpages = {8},
 url = {http://doi.acm.org/10.1145/1178782.1178808},
 doi = {10.1145/1178782.1178808},
 acmid = {1178808},
 publisher = {ACM},
 address = {New York, NY, USA},
 keywords = {HMM, action recognition, star distance, star skeleton},
}
@inproceedings{Schuldt:2004:RHA:1018429.1020906,
 author = {Schuldt, Christian and Laptev, Ivan and Caputo, Barbara},
 title = {Recognizing Human Actions: A Local SVM Approach},
 booktitle = {Proceedings of the Pattern Recognition, 17th International Conference on (ICPR'04) Volume 3 - Volume 03},
 series = {ICPR '04},
 year = {2004},
 isbn = {0-7695-2128-2},
 pages = {32--36},
 numpages = {5},
 url = {http://dx.doi.org/10.1109/ICPR.2004.747},
 doi = {10.1109/ICPR.2004.747},
 acmid = {1020906},
 publisher = {IEEE Computer Society},
 address = {Washington, DC, USA},
}

@INPROCEEDINGS{Yamato,
 author={Yamato, J. and Jun Ohya and Ishii, K.},
 booktitle={Computer Vision and Pattern Recognition, 1992. Proceedings CVPR '92., 1992 IEEE Computer Society Conference on},
 title={Recognizing human action in time-sequential images using hidden Markov model},
 year={1992},
 pages={379-385},
 keywords={feature extraction;hidden Markov models;vector quantisation;feature-based bottom-up approach;hidden Markov model;human action recognition;image feature vector sequence;learning capability;person-independent action recognizer;real time-sequential images;symbol sequence;time-scale invariability;time-sequential images;vector quantization;Biological system modeling;Hidden Markov models;Humans;Image recognition;Image reconstruction;Laboratories;Layout;Pattern recognition;Robustness;Target recognition},
 doi={10.1109/CVPR.1992.223161},
 ISSN={1063-6919},
 month={Jun},}
 
@Article{tl1,
  author  = {Chai, Xiujuan},
  title   = {Sign language recognition and translation with KINECT},
  journal = {IEEE Conf. on AFGR},
  year    = {2013},
}
@InProceedings{tl2,
  author    = {Boulares, Mehrez and Jemni, Mohamed},
  title     = {Mobile Sign Language Translation System for Deaf Community},
  booktitle = {Proceedings of the International Cross-Disciplinary Conference on Web Accessibility},
  year      = {2012},
  series    = {W4A '12},
  pages     = {37:1--37:4},
  address   = {New York, NY, USA},
  publisher = {ACM},
  acmid     = {2207049},
  articleno = {37},
  doi       = {10.1145/2207016.2207049},
  isbn      = {978-1-4503-1019-2},
  keywords  = {X3D, android, sign language, web services},
  location  = {Lyon, France},
  numpages  = {4},
  url       = {http://doi.acm.org/10.1145/2207016.2207049},
}

@Article{tl3,
  author  = {Teng-Hui Tseng; Jun-Wei Hsieh; Chun-Ming Tsai},
  title   = {Sign language recognition system via Kinect: Number and english alphabet},
  journal = {Machine Learning and Cybernetics (ICMLC), International Conference},
  year    = {2016},
}

@TechReport{3gppTR25814,
  Title                    = {Evolved Universal Terrestrial Radio Access (Release 7)},
  Author                   = {TR 25.814},
  Institution              = {3GPP},
  Year                     = {2006},
  Month                    = {September}
}

@TechReport{3gppTR36814,
  Title                    = {Further advancements for E-UTRA physical layer aspects (Release 9)},
  Author                   = {TR 36.814},
  Institution              = {3GPP},
  Year                     = {2010}
}

@TechReport{3gppTR25820,
  Title                    = {{3G} {H}ome {N}ode{B} Study Item Technical Report},
  Author                   = {{3GPP TR 25.820}},
  Year                     = {2013},

  Owner                    = {HOANG TAN},
  Timestamp                = {2014.06.16}
}

@TechReport{3gppTR36819,
  Title                    = {Coordinated multi-point operation for LTE physical layer aspects (Release 11)},
  Author                   = {{3GPP TR 36.819}},
  Year                     = {2013}
}

@Unpublished{LTEIntro,
  Title                    = {{LTE:} {L}ong {T}erm {E}volution},
  Author                   = {{4G A}mericas},
  Note                     = {{LTE} introduction}
}

@Misc{3gppR4092042,
  Title                    = {Simulation assumptions and parameters for FDD HeNB RF requirements},

  Author                   = {Alcatel-Lucent, picoChip Designs, Vodafone},
  HowPublished             = {3GPP TSG RAN WG4 (Radio) Meeting No51},
  Month                    = {May},
  Year                     = {2009}
}

@Book{Bjornson2013,
  Title                    = {Optimal Resource Allocation in Coordinated Multi-Cell Systems},
  Author                   = {Bjornson, E. and Jorswieck, E.},
  Publisher                = {Now Publishers Incorporated},
  Year                     = {2013},
  Series                   = {Foundations and Trends(r) in Communications and Information},

  ISBN                     = {9781601986382}
}

@Book{Brown2012,
  Title                    = {Practical Guide to {MIMO} Radio Channel: with {MATLAB} Examples},
  Author                   = {Brown, T. and Kyritsi, P. and De Carvalho, E.},
  Publisher                = {Wiley},
  Year                     = {2012},

  ISBN                     = {9781119944959},
  Lccn                     = {2011042249}
}

@Article{Cadambe08,
  Title                    = {Interference Alignment and Degrees of Freedom of the {K} -User Interference Channel},
  Author                   = {Cadambe, V.R. and Jafar, S.A.},
  Journal                  = {IEEE Transactions on Information Theory},
  Year                     = {2008},

  Month                    = {Aug},
  Number                   = {8},
  Pages                    = {3425-3441},
  Volume                   = {54},

  Doi                      = {10.1109/TIT.2008.926344},
  ISSN                     = {0018-9448},
  Keywords                 = {cochannel interference;time-varying channels;wireless channels;channel coefficients;degrees of freedom;interference alignment;signal to noise ratio;time-varying channel;user interference channel;wireless interference channel;Additive white noise;Communication system control;Decoding;Engineering profession;Gaussian noise;Interference channels;MIMO;Optical arrays;Pervasive computing;Wireless networks;Capacity;degrees of freedom;interference alignment;interference channel;multiple-input?multiple-output (MIMO);multiplexing}
}

@Book{Cho2010,
  Title                    = {{MIMO-OFDM} Wireless Communications with {MATLAB}},
  Author                   = {Cho, Y.S. and Kim, J. and Yang, W.Y. and Kang, C.G.},
  Publisher                = {Wiley},
  Year                     = {2010},

  ISBN                     = {9780470825624},
  Lccn                     = {2010013156}
}

@InProceedings{Claussen,
  Title                    = {Efficient modelling of channel maps with correlated shadow fading in mobile radio systems},
  Author                   = {Claussen, H.},
  Booktitle                = {Personal, Indoor and Mobile Radio Communications, 2005. PIMRC 2005. IEEE 16th International Symposium on},
  Year                     = {2005},
  Month                    = {Sept},
  Pages                    = {512-516},
  Volume                   = {1}
}

@Book{Costa2010,
  Title                    = {Multiple-Input Multiple-Output Channel Models: Theory and Practice},
  Author                   = {Costa, N. and Haykin, S.},
  Publisher                = {Wiley},
  Year                     = {2010},
  Series                   = {Adaptive and Learning Systems for Signal Processing, Communications and Control Series},

  __markedentry            = {[HOANG TAN:6]},
  ISBN                     = {9780470590669},
  Lccn                     = {2009052165},
  Owner                    = {HOANG TAN},
  Timestamp                = {2014.06.17}
}

@InProceedings{Dongzhe2009,
  Title                    = {{LTE} peak rates analysis},
  Author                   = {Dongzhe Cui},
  Booktitle                = {Wireless and Optical Communications Conference, 2009. WOCC 2009. 18th Annual},
  Year                     = {2009},
  Month                    = {May},
  Pages                    = {1-3},

  Doi                      = {10.1109/WOCC.2009.5312788}
}

@Article{Gesbert2007,
  Title                    = {Shifting the MIMO Paradigm},
  Author                   = {Gesbert, D. and Kountouris, M. and Heath, R.W. and Chan-Byoung Chae and Salzer, T.},
  Journal                  = {Signal Processing Magazine, IEEE},
  Year                     = {2007},

  Month                    = {Sept},
  Number                   = {5},
  Pages                    = {36-46},
  Volume                   = {24},

  Doi                      = {10.1109/MSP.2007.904815},
  ISSN                     = {1053-5888},
  Keywords                 = {MIMO communication;antenna arrays;mobile radio;protocols;quality of service;telecommunication traffic;QoS-dependent;antenna joint optimization;multiplexing gains;multiuser MIMO networks;resource allocation protocols;traffic dependent;Access protocols;Antennas and propagation;Costs;Downlink;Information theory;MIMO;OFDM;Optimal scheduling;Scheduling algorithm;Signal processing algorithms}
}

@Book{Goldsmith2005,
  Title                    = {Wireless Communications},
  Author                   = {Goldsmith, A.},
  Publisher                = {Cambridge University Press},
  Year                     = {2005},

  ISBN                     = {9780521837163},
  Lccn                     = {2005047075}
}

@InProceedings{VTC2010,
  Title                    = {System level simulation of {LTE} networks},
  Author                   = {Josep Colom Ikuno and Martin Wrulich and Markus Rupp},
  Booktitle                = {Proc. 2010 {IEEE} 71st Vehicular TechnologyConference},
  Year                     = {2010},

  Address                  = {Taipei,Taiwan},
  Month                    = may,

  Url                      = {http://publik.tuwien.ac.at/files/PubDat_184908.pdf}
}

@Article{Irmer,
  Title                    = {Coordinated multipoint: Concepts, performance, and field trial results},
  Author                   = {Irmer, R. and Droste, H. and Marsch, P. and Grieger, M. and Fettweis, G. and Brueck, S. and Mayer, H. -P and Thiele, L. and Jungnickel, V.},
  Journal                  = {Communications Magazine, IEEE},
  Year                     = {2011},

  Month                    = {February},
  Number                   = {2},
  Pages                    = {102-111},
  Volume                   = {49},

  Doi                      = {10.1109/MCOM.2011.5706317},
  ISSN                     = {0163-6804}
}

@Booklet{WINNERII,
  Title                    = {{WINNER II} Channel Models},
  Author                   = {Pekka Kyosti},
  Month                    = {Sept},
  Year                     = {2007},

  Institution              = {WINNER Project},
  Url                      = {http://projects.celtic-initiative.org/winner+/phase_2_model.html}
}

@Electronic{WINNERcode,
  Title                    = {{MATLAB} implementation of the {WINNER} Phase II Channel Model ver1.1},
  Author                   = {L. Hentila, P. Kyosty, M. Kaske, M. Narandzic},
  Month                    = {December},
  Url                      = {http://projects.celtic-initiative.org/winner+/phase_2_model.html},
  Year                     = {2007}
}

@MastersThesis{Tilak2010,
  Title                    = {Dynamic Coordinated MultiPoint ({CoMP}) Transmission Schemes},
  Author                   = {Tilak Rajesh Lakshmana},
  School                   = {CHALMERS UNIVERSITY OF TECHNOLOGY},
  Year                     = {2010},
  Type                     = {Master thesis}
}

@Article{Daewon,
  Title                    = {Coordinated multipoint transmission and reception in LTE-advanced: deployment scenarios and operational challenges},
  Author                   = {Daewon Lee and Hanbyul Seo and Clerckx, B. and Hardouin, E. and Mazzarese, D. and Nagata, S. and Sayana, K.},
  Journal                  = {Communications Magazine, IEEE},
  Year                     = {2012},

  Month                    = {February},
  Number                   = {2},
  Pages                    = {148-155},
  Volume                   = {50},

  Doi                      = {10.1109/MCOM.2012.6146494},
  ISSN                     = {0163-6804}
}

@Article{Lo1999,
  Title                    = {Maximum ratio transmission},
  Author                   = {Lo, T. K Y},
  Journal                  = {Communications, IEEE Transactions on},
  Year                     = {1999},

  Month                    = {Oct},
  Number                   = {10},
  Pages                    = {1458-1461},
  Volume                   = {47},

  ISSN                     = {0090-6778}
}

@Article{Lopez2011,
  Title                    = {Enhanced intercell interference coordination challenges in heterogeneous networks},
  Author                   = {Lopez-Perez, D. and Guvenc, I. and de la Roche, G. and Kountouris, M. and Quek, T.Q.S. and Jie Zhang},
  Journal                  = {Wireless Communications, IEEE},
  Year                     = {2011},

  Month                    = {June},
  Number                   = {3},
  Pages                    = {22-30},
  Volume                   = {18},

  Doi                      = {10.1109/MWC.2011.5876497},
  ISSN                     = {1536-1284},
  Keywords                 = {3G mobile communication;cellular radio;cochannel interference;radio networks;telecommunication network topology;telecommunication traffic;3GPP;LTE;enhanced intercell interference coordination;heterogeneous network;network topology;spatial spectrum reuse;traffic demand;wireless network;Cellular networks;Femtocells;Interference;Macrocell networks;OFDM;Relays;Time domain analysis}
}

@InProceedings{Mogensen2007,
  Title                    = {{LTE} Capacity Compared to the Shannon Bound},
  Author                   = {Mogensen, P. and Wei Na and Kovacs, I.Z. and Frederiksen, F. and Pokhariyal, A. and Pedersen, K.I. and Kolding, T. and Hugl, K. and Kuusela, M.},
  Booktitle                = {Vehicular Technology Conference, 2007. VTC2007-Spring. IEEE 65th},
  Year                     = {2007},
  Month                    = {April},
  Pages                    = {1234-1238},

  Doi                      = {10.1109/VETECS.2007.260},
  ISSN                     = {1550-2252},
  Keywords                 = {3G mobile communication;MIMO communication;information theory;radio access networks;telecommunication network management;G-factor distributions;LTE air-interface technology;LTE capacity;LTE cell spectral efficiency;MIMO;SNR efficiency;Shannon capacity bound;UTRAN long term evolution;frequency domain packet scheduling;simplified parameter extraction;system bandwidth efficiency;wireless communication systems;Bandwidth;Downlink;Frequency domain analysis;Long Term Evolution;MIMO;Multiaccess communication;Predictive models;Scheduling algorithm;Signal to noise ratio;Wireless communication}
}

@InProceedings{Narandzic2007ant,
  Title                    = {3D-Antenna Array Model for IST-WINNER Channel Simulations},
  Author                   = {Narandzic, M. and Kaske, M. and Schneider, C. and Milojevic, M. and Landmann, M. and Sommerkorn, G. and Thoma, R.S.},
  Booktitle                = {Vehicular Technology Conference, 2007. VTC2007-Spring. IEEE 65th},
  Year                     = {2007},
  Month                    = {April},
  Pages                    = {319-323},

  Doi                      = {10.1109/VETECS.2007.77},
  ISSN                     = {1550-2252}
}

@InProceedings{Narandzic2007chan,
  Title                    = {Comparison of SCM, SCME, and WINNER Channel Models},
  Author                   = {Narandzic, M. and Schneider, C. and Thoma, R. and Jamsa, T. and Kyosti, P. and Zhao, Xiongwen},
  Booktitle                = {Vehicular Technology Conference, 2007. VTC2007-Spring. IEEE 65th},
  Year                     = {2007},
  Month                    = {April},
  Pages                    = {413-417},

  Doi                      = {10.1109/VETECS.2007.96},
  ISSN                     = {1550-2252}
}

@MastersThesis{Utku2011,
  Title                    = {Coordinated Multipoint Transmission in Femtocell Systems},
  Author                   = {Utku Ozturk},
  School                   = {Aalto University},
  Year                     = {2011}
}

@InProceedings{LiQiang,
  Title                    = {Coordinated beamforming in downlink CoMP transmission system},
  Author                   = {Li Qiang and Yang Yang and Fang Shu and Wu Gang},
  Booktitle                = {Communications and Networking in China (CHINACOM), 2010 5th International ICST Conference on},
  Year                     = {2010},
  Month                    = {Aug},
  Pages                    = {1-5}
}

@Unpublished{smallcell,
  Title                    = {The 1000x Data Challenge},
  Author                   = {Qualcomm},

  Owner                    = {HOANG TAN},
  Timestamp                = {2014.06.16},
  Url                      = {http://www.qualcomm.com/solutions/wireless-networks/technologies/1000x-data}
}

@Book{Rappaport1996,
  Title                    = {Wireless communications: principles and practice},
  Author                   = {Rappaport, T.S.},
  Publisher                = {Prentice Hall PTR},
  Year                     = {1996},
  Series                   = {Prentice Hall communications engineering and emerging technologies series},

  __markedentry            = {[HOANG TAN:]},
  ISBN                     = {9780133755367},
  Lccn                     = {96164067}
}

@Article{Sadek,
  Title                    = {A Leakage-Based Precoding Scheme for Downlink Multi-User MIMO Channels},
  Author                   = {Sadek, M. and Tarighat, A. and Sayed, A.H.},
  Journal                  = {Wireless Communications, IEEE Transactions on},
  Year                     = {2007},

  Month                    = {May},
  Number                   = {5},
  Pages                    = {1711-1721},
  Volume                   = {6},

  Doi                      = {10.1109/TWC.2007.360373},
  ISSN                     = {1536-1276}
}

@InProceedings{Tarighat2005,
  Title                    = {A multi user beamforming scheme for downlink MIMO channels based on maximizing signal-to-leakage ratios},
  Author                   = {Tarighat, A. and Sadek, M. and Sayed, A.H.},
  Booktitle                = {Acoustics, Speech, and Signal Processing, 2005. Proceedings. (ICASSP '05). IEEE International Conference on},
  Year                     = {2005},
  Month                    = {March},
  Pages                    = {iii/1129-iii/1132 Vol. 3},
  Volume                   = {3},

  Doi                      = {10.1109/ICASSP.2005.1415913},
  ISSN                     = {1520-6149}
}

@TechReport{3gppTR25996,
  Title                    = {Spatial channel model for Multiple Input Multiple Output (MIMO) simulations (Release 11)},
  Author                   = {TR25.996},
  Institution              = {3GPP},
  Year                     = {2012},
  Month                    = {Sept}
}

@TechReport{3gppTR36921,
  Title                    = {FDD Home eNode B (HeNB) Radio Frequency (RF) requirements analysis (Release 11)},
  Author                   = {TR36.921},
  Institution              = {3GPP},
  Year                     = {2012}
}

@Article{Weingarten,
  Title                    = {The Capacity Region of the Gaussian Multiple-Input Multiple-Output Broadcast Channel},
  Author                   = {Weingarten, H. and Steinberg, Y. and Shamai, S.},
  Journal                  = {Information Theory, IEEE Transactions on},
  Year                     = {2006},

  Month                    = {Sept},
  Number                   = {9},
  Pages                    = {3936-3964},
  Volume                   = {52},

  Doi                      = {10.1109/TIT.2006.880064},
  ISSN                     = {0018-9448},
  Keywords                 = {Gaussian channels;MIMO systems;broadcast channels;channel capacity;channel coding;entropy codes;wireless channels;DPC;Gaussian MIMO broadcast channel;Gaussian code;capacity region;dirty-paper coding;entropy power inequality;multiple-input multiple-output system;power constraint;Additive noise;Broadcasting;Channel capacity;Covariance matrix;Degradation;Entropy;MIMO;Receiving antennas;Transmitters;Transmitting antennas;Broadcast channel;Minkowski's inequality;capacity region;dirty-paper coding (DPC);enhanced channel;entropy power inequality;multiple-antenna}
}

@InProceedings{Fang2011,
  Title                    = {Weighted DFT Codebook for Multiuser MIMO in Spatially Correlated Channels},
  Author                   = {Fang Yuan and Shengqian Han and Chenyang Yang and Yu Zhang and Gang Wang and Ming Lei},
  Booktitle                = {Vehicular Technology Conference (VTC Spring), 2011 IEEE 73rd},
  Year                     = {2011},
  Month                    = {May},
  Pages                    = {1-5},

  Doi                      = {10.1109/VETECS.2011.5956612},
  ISSN                     = {1550-2252},
  Keywords                 = {MIMO communication;channel coding;discrete Fourier transforms;linear codes;multiuser channels;Grassmannian linear packing codebook;channel statistics;multiuser MIMO channel;multiuser multiple-input multiple-output systems;spatially correlated channels;two-level codebook;user rate loss analysis;weighted DFT codebook;Array signal processing;Channel models;Correlation;Discrete Fourier transforms;Downlink;MIMO;Signal to noise ratio}
}

@Book{Zarrinkoub2014,
  Title                    = {Understanding LTE with MATLAB: From Mathematical Modeling to Simulation and Prototyping},
  Author                   = {Zarrinkoub, H.},
  Publisher                = {Wiley},
  Year                     = {2014},
  Series                   = {Wiley Desktop Editions},

  ISBN                     = {9781118443453},
  Lccn                     = {2013035000}
}

@article{kinect13,
 author = {Shotton, Jamie and Sharp, Toby and Kipman, Alex and Fitzgibbon, Andrew and Finocchio, Mark and Blake, Andrew and Cook, Mat and Moore, Richard},
 title = {Real-time Human Pose Recognition in Parts from Single Depth Images},
 journal = {Commun. ACM},
 issue_date = {January 2013},
 volume = {56},
 number = {1},
 month = jan,
 year = {2013},
 issn = {0001-0782},
 pages = {116--124},
 numpages = {9},
 url = {http://doi.acm.org/10.1145/2398356.2398381},
 doi = {10.1145/2398356.2398381},
 acmid = {2398381},
 publisher = {ACM},
 address = {New York, NY, USA},
}

@inproceedings{ChenHai,
 author = {Chen, Hsuan-Sheng and Chen, Hua-Tsung and Chen, Yi-Wen and Lee, Suh-Yin},
 title = {Human Action Recognition Using Star Skeleton},
 booktitle = {Proceedings of the 4th ACM International Workshop on Video Surveillance and Sensor Networks},
 series = {VSSN '06},
 year = {2006},
 isbn = {1-59593-496-0},
 location = {Santa Barbara, California, USA},
 pages = {171--178},
 numpages = {8},
 url = {http://doi.acm.org/10.1145/1178782.1178808},
 doi = {10.1145/1178782.1178808},
 acmid = {1178808},
 publisher = {ACM},
 address = {New York, NY, USA},
 keywords = {HMM, action recognition, star distance, star skeleton},
}

@unpublished{PhucThinh,
  Title                    = {Automatic Feature Extraction for Vietnamese Sign Language Recognition using Support Vector Machine},
  Author                   = {P T Hai and H C Thinh and B V Phuc and H H Kha},
  Journal                  =  {IEEE Conference on Recent Advances in  Signal Processing, Telecommunications & Computing},
  Note={(be accepted)},

  Keywords                 = {Support Vector Machine, one-against-all, hand gesture extraction, machine learning.}
}

@inproceedings{cao2017realtime,
  title={Realtime multi-person 2d pose estimation using part affinity fields},
  author={Cao, Zhe and Simon, Tomas and Wei, Shih-En and Sheikh, Yaser},
  booktitle={Proceedings of the IEEE Conference on Computer Vision and Pattern Recognition},
  pages={7291--7299},
  year={2017}
}

@inproceedings{wei2016convolutional,
  title={Convolutional pose machines},
  author={Wei, Shih-En and Ramakrishna, Varun and Kanade, Takeo and Sheikh, Yaser},
  booktitle={Proceedings of the IEEE Conference on Computer Vision and Pattern Recognition},
  pages={4724--4732},
  year={2016}
}

@inproceedings{sandler2018mobilenetv2,
  title={Mobilenetv2: Inverted residuals and linear bottlenecks},
  author={Sandler, Mark and Howard, Andrew and Zhu, Menglong and Zhmoginov, Andrey and Chen, Liang-Chieh},
  booktitle={Proceedings of the IEEE Conference on Computer Vision and Pattern Recognition},
  pages={4510--4520},
  year={2018}
}

@inproceedings{bewley2016simple,
  title={Simple online and realtime tracking},
  author={Bewley, Alex and Ge, Zongyuan and Ott, Lionel and Ramos, Fabio and Upcroft, Ben},
  booktitle={2016 IEEE International Conference on Image Processing (ICIP)},
  pages={3464--3468},
  year={2016},
  organization={IEEE}
}

@inproceedings{wojke2017simple,
  title={Simple online and realtime tracking with a deep association metric},
  author={Wojke, Nicolai and Bewley, Alex and Paulus, Dietrich},
  booktitle={2017 IEEE International Conference on Image Processing (ICIP)},
  pages={3645--3649},
  year={2017},
  organization={IEEE}
}

@article{lecun1998gradient,
  title={Gradient-based learning applied to document recognition},
  author={LeCun, Yann and Bottou, L{\'e}on and Bengio, Yoshua and Haffner, Patrick and others},
  journal={Proceedings of the IEEE},
  volume={86},
  number={11},
  pages={2278--2324},
  year={1998},
  publisher={Taipei, Taiwan}
}

@article{ioffe2015batch,
  title={Batch normalization: Accelerating deep network training by reducing internal covariate shift},
  author={Ioffe, Sergey and Szegedy, Christian},
  journal={arXiv preprint arXiv:1502.03167},
  year={2015}
}

@inproceedings{li2019understanding,
  title={Understanding the disharmony between dropout and batch normalization by variance shift},
  author={Li, Xiang and Chen, Shuo and Hu, Xiaolin and Yang, Jian},
  booktitle={Proceedings of the IEEE Conference on Computer Vision and Pattern Recognition},
  pages={2682--2690},
  year={2019}
}